@unpublished{bitr,
    author  = "Matthew Maurer",
    title   = "{Bi}nary {T}ype {R}ecovery",
    year    = "2014",
    note    = "Unpublished work, resubmission soon"
}
