Automatically generated by Mendeley Desktop 1.12.2
Any changes to this file will be lost if it is regenerated by Mendeley.

BibTeX export options can be customized via Options -> BibTeX in Mendeley Desktop

@article{phoenix,
author = {Schwartz, EJ and Lee, Jonghyup},
file = {:home/maurer/Documents/Mendeley Desktop/Schwartz, Lee/Proceedings of the \ldots/Schwartz, Lee - 2013 - Native x86 decompilation using semantics-preserving structural analysis and iterative control-flow structuring.pdf:pdf},
journal = {Proc. \ldots},
title = {{Native x86 decompilation using semantics-preserving structural analysis and iterative control-flow structuring}},
url = {http://users.ece.cmu.edu/~ejschwar/papers/usenix13.pdf},
year = {2013}
}
@incollection{Pfenning2006a,
author = {Pfenning, Frank},
chapter = {Lecture 26},
file = {:home/maurer/Documents/Mendeley Desktop/Pfenning/Unknown/Pfenning - 2006 - Logic Programming.pdf:pdf},
title = {{Logic Programming}},
url = {http://www.cs.cmu.edu/~fp/courses/lp/lectures/26-datalog.pdf},
year = {2006}
}
@article{Chaudhuri1992a,
author = {Chaudhuri, Surajit and Vardi, MY},
file = {:home/maurer/Documents/Mendeley Desktop/Chaudhuri, Vardi/Proceedings of the eleventh ACM SIGACT- \ldots/Chaudhuri, Vardi - 1992 - On the equivalence of recursive and nonrecursive datalog programs.pdf:pdf},
journal = {Proc. Elev. ACM SIGACT- \ldots},
pages = {1--36},
title = {{On the equivalence of recursive and nonrecursive datalog programs}},
url = {http://dl.acm.org/citation.cfm?id=137109},
year = {1992}
}
@misc{ida,
author = {Guilfanov, Ilfak},
title = {{IDA Pro: Hex-Rays}},
url = {www.hex-rays.com}
}
@article{Mauszynski2011a,
author = {Małuszyński, J and Szałas, A},
file = {:home/maurer/Documents/Mendeley Desktop/Małuszyński, Szałas/Datalog Reloaded/Małuszyński, Szałas - 2011 - Living with inconsistency and taming nonmonotonicity.pdf:pdf},
journal = {Datalog Reloaded},
number = {March},
pages = {1--34},
title = {{Living with inconsistency and taming nonmonotonicity}},
url = {http://link.springer.com/chapter/10.1007/978-3-642-24206-9\_22},
year = {2011}
}
@article{Filardob,
author = {Filardo, Nathaniel Wesley and Eisner, Jason},
file = {:home/maurer/Documents/Mendeley Desktop/Filardo, Eisner/Unknown/Filardo, Eisner - Unknown - A Flexible Solver for Finite Arithmetic Circuits.pdf:pdf},
keywords = {and phrases arithmetic circuits,logic programming,memoization,view maintenance},
title = {{A Flexible Solver for Finite Arithmetic Circuits}}
}
@book{prolog,
author = {{Clocksin, William and Mellish}, Christopher S},
publisher = {Springer Science \& Business Media},
title = {{Programming in Prolog}},
year = {2003}
}
@article{Arocena2013a,
address = {New York, New York, USA},
author = {Arocena, Patricia C. and Glavic, Boris and Miller, Renee J.},
doi = {10.1145/2463676.2465311},
file = {:home/maurer/Documents/Mendeley Desktop/Arocena, Glavic, Miller/Proceedings of the 2013 international conference on Management of data - SIGMOD '13/Arocena, Glavic, Miller - 2013 - Value invention in data exchange.pdf:pdf},
isbn = {9781450320375},
journal = {Proc. 2013 Int. Conf. Manag. data - SIGMOD '13},
pages = {157},
publisher = {ACM Press},
title = {{Value invention in data exchange}},
url = {http://dl.acm.org/citation.cfm?doid=2463676.2465311},
year = {2013}
}
@article{Calimeri2007a,
author = {Calimeri, Francesco and Cozza, Susanna and Ianni, Giovambattista},
doi = {10.1007/s10472-007-9076-z},
file = {:home/maurer/Documents/Mendeley Desktop/Calimeri, Cozza, Ianni/Annals of Mathematics and Artificial Intelligence/Calimeri, Cozza, Ianni - 2007 - External sources of knowledge and value invention in logic programming.pdf:pdf},
issn = {1012-2443},
journal = {Ann. Math. Artif. Intell.},
keywords = {answer set semantics,artificial intelligence,logic programming},
month = jul,
number = {3-4},
pages = {333--361},
title = {{External sources of knowledge and value invention in logic programming}},
url = {http://link.springer.com/10.1007/s10472-007-9076-z},
volume = {50},
year = {2007}
}
@inproceedings{tie,
author = {Lee, JongHyup and Avgerinos, Thanassis and Brumley, David},
booktitle = {Proc. 18th Netw. Distrib. Syst. Secur. Symp.},
file = {:home/maurer/Documents/Mendeley Desktop/Lee, Avgerinos, Brumley/Proceedings of the 18th Network and Distributed System Security Symposium/Lee, Avgerinos, Brumley - 2011 - \{TIE\} Principled Reverse Engineering of Types in Binary Programs.pdf:pdf},
publisher = {The Internet Society},
title = {{\{TIE\}: Principled Reverse Engineering of Types in Binary Programs}},
url = {http://www.isoc.org/isoc/conferences/ndss/11/pdf/5\_3.pdf},
year = {2011}
}
@article{Eiter1997b,
author = {Eiter, Thomas and Gottlob, Georg and Mannila, Heikki},
doi = {10.1145/261124.261126},
file = {:home/maurer/Documents/Mendeley Desktop/Eiter, Gottlob, Mannila/ACM Transactions on Database Systems/Eiter, Gottlob, Mannila - 1997 - Disjunctive datalog.pdf:pdf},
issn = {03625915},
journal = {ACM Trans. Database Syst.},
month = sep,
number = {3},
pages = {364--418},
title = {{Disjunctive datalog}},
url = {http://portal.acm.org/citation.cfm?doid=261124.261126},
volume = {22},
year = {1997}
}
@article{Whaley2005b,
author = {Whaley, John and Avots, Dzintars and Carbin, Michael and Lam, MS},
file = {:home/maurer/Documents/Mendeley Desktop/Whaley et al/Programming Languages and \ldots/Whaley et al. - 2005 - Using datalog with binary decision diagrams for program analysis.pdf:pdf},
journal = {Program. Lang. \ldots},
title = {{Using datalog with binary decision diagrams for program analysis}},
url = {http://link.springer.com/chapter/10.1007/11575467\_8},
year = {2005}
}
@article{celf,
author = {Schack-Nielsen, A and Sch\"{u}rmann, C},
file = {:home/maurer/Documents/Mendeley Desktop/Schack-Nielsen, Sch\"{u}rmann/Automated Reasoning/Schack-Nielsen, Sch\"{u}rmann - 2008 - Celf–A logical framework for deductive and concurrent systems (System description).pdf:pdf},
journal = {Autom. Reason.},
title = {{Celf–A logical framework for deductive and concurrent systems (System description)}},
url = {http://link.springer.com/chapter/10.1007/978-3-540-71070-7\_28},
year = {2008}
}
@article{datalog,
author = {Ceri, S. and Gottlob, G. and Tanca, L.},
doi = {10.1109/69.43410},
file = {:home/maurer/Documents/Mendeley Desktop/Ceri, Gottlob, Tanca/Knowledge and Data Engineering, \ldots/Ceri, Gottlob, Tanca - 1989 - What you always wanted to know about Datalog (and never dared to ask).pdf:pdf},
issn = {10414347},
journal = {Knowl. Data Eng. \ldots},
month = mar,
number = {1},
pages = {146--166},
title = {{What you always wanted to know about Datalog (and never dared to ask)}},
url = {http://ieeexplore.ieee.org/lpdocs/epic03/wrapper.htm?arnumber=43410 http://ieeexplore.ieee.org/xpls/abs\_all.jsp?arnumber=43410},
volume = {1},
year = {1989}
}
@misc{codesurfer,
title = {{CodeSurfer/x86}},
url = {http://www.grammatech.com/research/technologies/codesurfer}
}
@article{Bry2010a,
author = {Bry, F and Furche, Tim and Ley, Clemens and Marnette, Bruno},
file = {:home/maurer/Documents/Mendeley Desktop/Bry et al/Proceedings of the First \ldots/Bry et al. - 2010 - Datalog relaunched simulation unification and value invention.pdf:pdf},
journal = {Proc. First \ldots},
pages = {1--30},
title = {{Datalog relaunched: simulation unification and value invention}},
url = {http://dl.acm.org/citation.cfm?id=2185945},
year = {2010}
}
@misc{bindead,
author = {Mihaila, Bogdan},
title = {{Bindead}},
url = {https://bitbucket.org/mihaila/bindead/wiki/Home}
}
@article{circumscription,
author = {McCarthy, J},
file = {:home/maurer/Documents/Mendeley Desktop/McCarthy/Artificial intelligence/McCarthy - 1980 - Circumscription—A Form of Non-Monotonic Reasoning.pdf:pdf},
journal = {Artif. Intell.},
number = {McCarthy 1959},
pages = {1--19},
title = {{Circumscription—A Form of Non-Monotonic Reasoning}},
url = {http://www.sciencedirect.com/science/article/pii/0004370280900119},
year = {1980}
}
@article{bap,
author = {Brumley, David and Jager, Ivan},
file = {:home/maurer/Documents/Mendeley Desktop/Brumley, Jager/Computer aided verification/Brumley, Jager - 2011 - BAP A Binary Analysis Platform.pdf:pdf},
journal = {Comput. aided Verif.},
title = {{BAP: A Binary Analysis Platform}},
url = {http://link.springer.com/chapter/10.1007/978-3-642-22110-1\_37},
year = {2011}
}
@phdthesis{vsa,
author = {Balakrishnan, Gogul},
file = {:home/maurer/Documents/Mendeley Desktop/Balakrishnan/Unknown/Balakrishnan - 2007 - \{WYSINWYX\} What You See Is Not What You Execute.pdf:pdf},
school = {University of Wisconsin-Madison},
title = {{\{WYSINWYX\}: What You See Is Not What You Execute}},
year = {2007}
}
@inproceedings{mayhem,
author = {Cha, Sang Kil and Avgerinos, Thanassis and Rebert, Alexandre and Brumley, David},
booktitle = {Proc. 2012 IEEE Symp. Secur. Priv.},
doi = {10.1109/SP.2012.31},
file = {:home/maurer/Documents/Mendeley Desktop/Cha et al/Proceedings of the 2012 IEEE Symposium on Security and Privacy/Cha et al. - 2012 - Unleashing Mayhem on Binary Code.pdf:pdf},
pages = {380--394},
publisher = {IEEE},
title = {{Unleashing Mayhem on Binary Code}},
url = {http://dx.doi.org/10.1109/SP.2012.31},
year = {2012}
}
@article{Liu2003b,
address = {New York, New York, USA},
author = {Liu, Yanhong a. and Stoller, Scott D.},
doi = {10.1145/888251.888268},
file = {:home/maurer/Documents/Mendeley Desktop/Liu, Stoller/Proceedings of the 5th ACM SIGPLAN international conference on Principles and practice of declaritive programming - PPDP '03/Liu, Stoller - 2003 - From datalog rules to efficient programs with time and space guarantees.pdf:pdf},
isbn = {1581137052},
journal = {Proc. 5th ACM SIGPLAN Int. Conf. Princ. Pract. Declar. Program. - PPDP '03},
keywords = {complexity analysis,data structure design,datalog,incre-,indexed representations,indexing,linked representations,mental computation,optimiza-,program transformation},
pages = {172--183},
publisher = {ACM Press},
title = {{From datalog rules to efficient programs with time and space guarantees}},
url = {http://portal.acm.org/citation.cfm?doid=888251.888268},
year = {2003}
}
@article{Thakur2012,
author = {Thakur, A and Elder, M and Reps, T},
file = {:home/maurer/Documents/Mendeley Desktop/Thakur, Elder, Reps/Static Analysis/Thakur, Elder, Reps - 2012 - Bilateral algorithms for symbolic abstraction.pdf:pdf},
journal = {Static Anal.},
title = {{Bilateral algorithms for symbolic abstraction}},
url = {http://link.springer.com/chapter/10.1007/978-3-642-33125-1\_10},
year = {2012}
}
@article{besttransformer,
author = {Reps, Thomas and Sagiv, Mooly and Yorsh, Greta},
file = {:home/maurer/Documents/Mendeley Desktop/Reps, Sagiv, Yorsh/Unknown/Reps, Sagiv, Yorsh - Unknown - Symbolic Implementation of the Best Transformer.pdf:pdf},
title = {{Symbolic Implementation of the Best Transformer}}
}
@phdthesis{jakstab,
abstract = {jakstab},
author = {Kinder, Johannes},
file = {:home/maurer/Documents/Mendeley Desktop/Kinder/Unknown/Kinder - 2010 - Static Analysis of x86 Executables.pdf:pdf},
keywords = {binaries,binary,control flow,disassembly,executables,static analysis,x86},
number = {November},
school = {Technische Universit\"{a}t Darmstadt},
title = {{Static Analysis of \{x86\} Executables}},
url = {http://tuprints.ulb.tu-darmstadt.de/2338/},
year = {2010}
}
@article{Bartholomew2011a,
author = {Bartholomew, Michael and Lee, Joohyung and Meng, Yunsong},
file = {:home/maurer/Documents/Mendeley Desktop/Bartholomew, Lee, Meng/AAAI Spring Symposium Logical \ldots/Bartholomew, Lee, Meng - 2011 - First-Order Semantics of Aggregates in Answer Set Programming Via Modified Circumscription.pdf:pdf},
journal = {AAAI Spring Symp. Log. \ldots},
keywords = {AAAI Technical Report SS-11-06},
pages = {16--22},
title = {{First-Order Semantics of Aggregates in Answer Set Programming Via Modified Circumscription.}},
url = {http://www.aaai.org/ocs/index.php/SSS/SSS11/paper/download/2472/2973},
year = {2011}
}
@inproceedings{byteweight,
author = {Bao, Tiffany and Burket, Jonathan and Woo, Maverick and Turner, Rafael and Brumley, David},
booktitle = {Proc. 23rd USENIX Secur. Symp.},
file = {:home/maurer/Documents/Mendeley Desktop/Bao et al/Proceedings of the 23rd USENIX Security Symposium/Bao et al. - 2014 - \{ByteWeight\} Learning to Recognize Functions in Binary Code.pdf:pdf},
pages = {845--860},
publisher = {USENIX},
title = {{\{ByteWeight\}: Learning to Recognize Functions in Binary Code}},
url = {https://www.usenix.org/conference/usenixsecurity14/technical-sessions/presentation/bao},
year = {2014}
}
@article{Gelfond1991a,
author = {Gelfond, Michael and Lifschitz, Vladimir},
file = {:home/maurer/Documents/Mendeley Desktop/Gelfond, Lifschitz/New generation computing/Gelfond, Lifschitz - 1991 - Classical negation in logic programs and disjunctive databases.pdf:pdf},
journal = {New Gener. Comput.},
pages = {1--20},
title = {{Classical negation in logic programs and disjunctive databases}},
url = {http://link.springer.com/article/10.1007/BF03037169},
year = {1991}
}
@misc{boomerang,
title = {{Boomerang}},
url = {http://boomerang.sourceforge.net/}
}
@article{Ross1990b,
author = {Ross, KA},
file = {:home/maurer/Documents/Mendeley Desktop/Ross/Proceedings of the ninth ACM SIGACT-SIGMOD- \ldots/Ross - 1990 - Modular stratification and magic sets for Datalog programs with negation.pdf:pdf},
journal = {Proc. ninth ACM SIGACT-SIGMOD- \ldots},
title = {{Modular stratification and magic sets for Datalog programs with negation}},
url = {http://dl.acm.org/citation.cfm?id=298558},
year = {1990}
}
@article{divine,
author = {Balakrishnan, Gogul and Reps, Thomas},
file = {:home/maurer/Documents/Mendeley Desktop/Balakrishnan, Reps/Verification, Model Checking, and Abstract \ldots/Balakrishnan, Reps - 2007 - DIVINE Discovering variables in executables.pdf:pdf},
journal = {Verif. Model Checking, Abstr. \ldots},
title = {{DIVINE: Discovering variables in executables}},
url = {http://link.springer.com/chapter/10.1007/978-3-540-69738-1\_1},
year = {2007}
}
@article{Bancilhon1985b,
author = {Bancilhon, F and Maier, D and Sagiv, Y and Ullman, JD},
file = {:home/maurer/Documents/Mendeley Desktop/Bancilhon et al/Proceedings of the fifth ACM \ldots/Bancilhon et al. - 1985 - Magic sets and other strange ways to implement logic programs.pdf:pdf},
journal = {Proc. fifth ACM \ldots},
title = {{Magic sets and other strange ways to implement logic programs}},
url = {http://dl.acm.org/citation.cfm?id=15399},
year = {1985}
}
@inproceedings{tachyon,
author = {Maurer, Matthew and Brumley, David},
booktitle = {Proc. 21st Usenix Secur. \ldots},
file = {:home/maurer/Documents/Mendeley Desktop/Maurer, Brumley/Proceedings of the 21st Usenix Security \ldots/Maurer, Brumley - 2012 - Tachyon Tandem execution for efficient live patch testing.pdf:pdf},
title = {{Tachyon: Tandem execution for efficient live patch testing}},
url = {https://www.usenix.org/system/files/conference/usenixsecurity12/sec12-final227.pdf},
year = {2012}
}
@article{gnuprolog,
author = {Diaz, Daniel and Codognet, Philippe},
file = {:home/maurer/Documents/Mendeley Desktop/Diaz, Codognet/Journal of Functional and Logic \ldots/Diaz, Codognet - 2001 - Design and implementation of the gnu prolog system.pdf:pdf},
journal = {J. Funct. Log. \ldots},
pages = {1--29},
title = {{Design and implementation of the gnu prolog system}},
url = {http://cri-dist.univ-paris1.fr/diaz/publications/GNU-PROLOG/jflp01.pdf},
year = {2001}
}
@article{Ferraris2011b,
author = {Ferraris, Paolo and Lee, Joohyung and Lifschitz, Vladimir},
file = {:home/maurer/Documents/Mendeley Desktop/Ferraris, Lee, Lifschitz/Artificial Intelligence/Ferraris, Lee, Lifschitz - 2011 - Stable models and circumscription.pdf:pdf},
journal = {Artif. Intell.},
pages = {1--51},
title = {{Stable models and circumscription}},
url = {http://www.sciencedirect.com/science/article/pii/S0004370210000470},
year = {2011}
}
@article{magicset,
author = {Beeri, C and Ramakrishnan, R},
file = {:home/maurer/Documents/Mendeley Desktop/Beeri, Ramakrishnan/\ldots SIGACT-SIGMOD-SIGART symposium on \ldots/Beeri, Ramakrishnan - 1987 - On the power of magic.pdf:pdf},
journal = {\ldots SIGACT-SIGMOD-SIGART Symp. \ldots},
title = {{On the power of magic}},
url = {http://dl.acm.org/citation.cfm?id=28689},
year = {1987}
}
@inproceedings{bitblaze,
author = {Song, Dawn and Brumley, David and Yin, Heng and Caballero, Juan},
booktitle = {4th Int. Conf. Inf. Syst. Secur.},
file = {:home/maurer/Documents/Mendeley Desktop/Song et al/4th International Conference on Information Systems Security/Song et al. - 2008 - BitBlaze A new approach to computer security via binary analysis.pdf:pdf},
keywords = {and defense,binary analysis,malware analysis and defense,reverse engineering,vulnerability analysis},
pages = {1--25},
title = {{BitBlaze: A new approach to computer security via binary analysis}},
url = {http://citeseerx.ist.psu.edu/viewdoc/summary?doi=10.1.1.153.3946},
year = {2008}
}
@article{Lenzerini2002a,
author = {Lenzerini, Maurizio},
file = {:home/maurer/Documents/Mendeley Desktop/Lenzerini/Proceedings of the twenty-first ACM SIGMOD-SIGACT- \ldots/Lenzerini - 2002 - Data integration A theoretical perspective.pdf:pdf},
journal = {Proc. twenty-first ACM SIGMOD-SIGACT- \ldots},
title = {{Data integration: A theoretical perspective}},
url = {http://dl.acm.org/citation.cfm?id=543644},
year = {2002}
}
@article{Codish1999b,
author = {Codish, Michael and Taboch, Cohavit},
doi = {10.1016/S0743-1066(99)00006-0},
file = {:home/maurer/Documents/Mendeley Desktop/Codish, Taboch/The Journal of Logic Programming/Codish, Taboch - 1999 - A semantic basis for the termination analysis of logic programs.pdf:pdf},
issn = {07431066},
journal = {J. Log. Program.},
keywords = {abstraction,logic programs,semantics,termination analysis},
month = oct,
number = {1},
pages = {103--123},
title = {{A semantic basis for the termination analysis of logic programs}},
url = {http://linkinghub.elsevier.com/retrieve/pii/S0743106699000060 http://www.sciencedirect.com/science/article/pii/S0743106699000060},
volume = {41},
year = {1999}
}
@article{Chen1993a,
author = {Chen, Weidong and Swift, T and Warren, DS},
file = {:home/maurer/Documents/Mendeley Desktop/Chen, Swift, Warren/Journal of Logic Programming/Chen, Swift, Warren - 1993 - Efficient Top-Down Computation of Queries Under the Well-Founded Semantics.pdf:pdf},
journal = {J. Log. Program.},
pages = {1--42},
title = {{Efficient Top-Down Computation of Queries Under the Well-Founded Semantics}},
url = {http://scholar.google.com/scholar?hl=en\&btnG=Search\&q=intitle:EFFICIENT+TOP-DOWN+COMPUTATION+OF+QUERIES+UNDER+THE+WELL-FOUNDED+SEMANTICS+y+,+AND+DAVID\#0},
year = {1993}
}
@article{dyna,
author = {Eisner, Jason and Filardo, NW},
file = {:home/maurer/Documents/Mendeley Desktop/Eisner, Filardo/Datalog Reloaded/Eisner, Filardo - 2011 - Dyna Extending datalog for modern AI.pdf:pdf},
journal = {Datalog Reloaded},
title = {{Dyna: Extending datalog for modern AI}},
url = {http://www.cs.jhu.edu/~jason/tmp/32969-datalog20-paper.pdf http://link.springer.com/chapter/10.1007/978-3-642-24206-9\_11},
volume = {2011},
year = {2011}
}
@article{llvm,
author = {Lattner, CA},
file = {:home/maurer/Documents/Mendeley Desktop/Lattner/Unknown/Lattner - 2002 - LLVM An infrastructure for multi-stage optimization.pdf:pdf},
title = {{LLVM: An infrastructure for multi-stage optimization}},
url = {http://www.llvm.org/pubs/2002-12-LattnerMSThesis-book.pdf},
year = {2002}
}
@article{Abiteboul2011a,
author = {Abiteboul, Serge and Bienvenu, Meghyn and Galland, A and Rousset, MC},
file = {:home/maurer/Documents/Mendeley Desktop/Abiteboul et al/Datalog reloaded/Abiteboul et al. - 2011 - Distributed Datalog Revisited.pdf:pdf},
journal = {Datalog reloaded},
title = {{Distributed Datalog Revisited}},
url = {http://link.springer.com/chapter/10.1007/978-3-642-24206-9\_15},
year = {2011}
}
