@article{Shao1993,
author = {Shao, Z and Appel, AW},
file = {:home/maurer/Documents/Mendeley Desktop/Shao, Appel/Proceedings of the 20th ACM SIGPLAN-SIGACT \ldots/Shao, Appel - 1993 - Smartest recompilation.pdf:pdf},
journal = {Proceedings of the 20th ACM SIGPLAN-SIGACT \ldots},
pages = {439--450},
title = {{Smartest recompilation}},
year = {1993}
}
@techreport{Jim1995,
author = {Jim, Trevor},
file = {:home/maurer/Documents/Mendeley Desktop/Jim/Unknown/Jim - 1995 - What are principal typings and what are they good for.pdf:pdf},
keywords = {error messages,incremental,intersection types,polymorphic recursion,separate compilation,type inference},
number = {November},
pages = {1--28},
title = {{What are principal typings and what are they good for?}},
year = {1995}
}
@inproceedings{sw,
  title={Scalable variable and data type detection in a binary rewriter},
  author={ElWazeer, Khaled and Anand, Kapil and Kotha, Aparna and Smithson, Matthew and Barua, Rajeev},
  booktitle={Proceedings of the 34th ACM SIGPLAN conference on Programming language design and implementation},
  pages={51--60},
  year={2013},
  organization={ACM}
}
@inproceedings{tal,
  title={TALx86: A realistic typed assembly language},
  author={Crary, K and Glew, Neal and Grossman, Dan and Samuels, Richard and Smith, F and Walker, D and Weirich, S and Zdancewic, S},
  booktitle={1999 ACM SIGPLAN Workshop on Compiler Support for System Software Atlanta, GA, USA},
  pages={25--35},
  year={1999}
}
@book{stal,
  title={Stack-based typed assembly language},
  author={Morrisett, Greg and Crary, Karl and Glew, Neal and Walker, David},
  year={1998},
  publisher={Springer}
}
@incollection{balavsa,
  title={WYSINWYX: What you see is not what you execute},
  author={Balakrishnan, Gogul and Reps, Thomas and Melski, David and Teitelbaum, Tim},
  booktitle={Verified software: theories, tools, experiments},
  pages={202--213},
  year={2008},
  publisher={Springer}
}

@article{rewards,
  title={Automatic reverse engineering of data structures from binary execution},
  author={Lin, Zhiqiang and Zhang, Xiangyu and Xu, Dongyan},
  year={2010},
  publisher={Citeseer}
}
@inproceedings{comprecon,
  title={Reconstruction of composite types for decompilation},
  author={Troshina, Katerina and Derevenets, Yegor and Chernov, Alexander},
  booktitle={Source Code Analysis and Manipulation (SCAM), 2010 10th IEEE Working Conference on},
  pages={179--188},
  year={2010},
  organization={IEEE}
}

@software{coverity,
  title={Coverity static analysis},
  url={http://www.coverity.com}
}
@software{rust,
  title={The Rust Programming Language},
  url={http://www.rust-lang.org/}
}
@inproceedings{puf,
  title={A persistent union-find data structure},
  author={Conchon, Sylvain and Filli{\^a}tre, Jean-Christophe},
  booktitle={Proceedings of the 2007 workshop on Workshop on ML},
  pages={37--46},
  year={2007},
  organization={ACM}
}
@inproceedings{tydecomp,
 author = {Mycroft, Alan},
 title = {Type-Based Decompilation (or Program Reconstruction via Type Reconstruction)},
 booktitle = {Proceedings of the 8th European Symposium on Programming Languages and Systems},
 series = {ESOP '99},
 year = {1999},
 isbn = {3-540-65699-5},
 pages = {208--223},
 numpages = {16},
 acmid = {651886},
 publisher = {Springer-Verlag},
 address = {London, UK, UK},
} 
@inproceedings{top,
  title={Obfuscation resilient binary code reuse through trace-oriented programming},
  author={Zeng, Junyuan and Fu, Yangchun and Miller, Kenneth A and Lin, Zhiqiang and Zhang, Xiangyu and Xu, Dongyan},
  booktitle={Proceedings of the 2013 ACM SIGSAC conference on Computer \& communications security},
  pages={487--498},
  year={2013},
  organization={ACM}
}

@article{dolgova2009automatic,
  title={Automatic reconstruction of data types in the decompilation problem},
  author={Dolgova, EN and Chernov, AV},
  journal={Programming and Computer Software},
  volume={35},
  number={2},
  pages={105--119},
  year={2009},
  publisher={Springer}
}
@inproceedings{interdecide,
 author = {Kfoury, A. J. and Wells, J. B.},
 title = {Principality and Decidable Type Inference for Finite-rank Intersection Types},
 booktitle = {Proceedings of the 26th ACM SIGPLAN-SIGACT Symposium on Principles of Programming Languages},
 series = {POPL '99},
 year = {1999},
 isbn = {1-58113-095-3},
 location = {San Antonio, Texas, USA},
 pages = {161--174},
 numpages = {14},
 doi = {10.1145/292540.292556},
 acmid = {292556},
 publisher = {ACM},
 address = {New York, NY, USA},
} 

@article{ElWazeer2013,
address = {New York, New York, USA},
author = {ElWazeer, Khaled and Anand, Kapil and Kotha, Aparna and Smithson, Matthew and Barua, Rajeev},
doi = {10.1145/2491956.2462165},
file = {::},
isbn = {9781450320146},
journal = {Proceedings of the 34th ACM Conference on Programming Language Design and Implementation},
pages = {51--60},
title = {{Scalable Variable and Data Type Detection in a Binary Rewriter}},
year = {2013}
}
@article{Cozzie,
author = {Cozzie, Anthony and Stratton, Frank and Xue, Hui and King, ST},
file = {:home/maurer/Documents/Mendeley Desktop/Cozzie et al/OSDI/Cozzie et al. - Unknown - Digging For Data Structures.pdf:pdf},
journal = {OSDI},
pages = {255--266},
title = {{Digging for Data Structures.}},
year = {2008}
}
@article{Haller2013a,
author = {Haller, Istvan and Slowinska, Asia and Bos, Herbert},
doi = {10.1109/WCRE.2013.6671278},
file = {:home/maurer/Documents/Mendeley Desktop/Haller, Slowinska, Bos/2013 20th Working Conference on Reverse Engineering (WCRE)/Haller, Slowinska, Bos - 2013 - MemPick High-level data structure detection in CC binaries.pdf:pdf},
isbn = {978-1-4799-2931-3},
journal = {2013 20th Working Conference on Reverse Engineering (WCRE)},
month = oct,
pages = {32--41},
publisher = {Ieee},
title = {{MemPick: High-level data structure detection in C/C++ binaries}},
year = {2013}
}
@article{August,
author = {Raman, E and August, DI},
file = {:home/maurer/Documents/Mendeley Desktop/Raman, August/Proceedings of the 2005 workshop on Memory \ldots/Raman, August - 2005 - Recursive data structure profiling.pdf:pdf},
isbn = {1595931473},
journal = {Proceedings of the 2005 workshop on Memory \ldots},
keywords = {dynamic shape graph,list linearization,memory profiling,rds},
title = {{Recursive data structure profiling}},
year = {2005}
}
@article{White2013,
author = {White, DH and L\"{u}ttgen, G},
file = {:home/maurer/Documents/Mendeley Desktop/White, L\"{u}ttgen/Tools and Algorithms for the Construction and \ldots/White, L\"{u}ttgen - 2013 - Identifying dynamic data structures by learning evolving patterns in memory.pdf:pdf},
journal = {Tools and Algorithms for the Construction and \ldots},
keywords = {dynamic data,machine learning,pattern recognition,pointer programs,program comprehension,structures},
title = {{Identifying dynamic data structures by learning evolving patterns in memory}},
year = {2013}
}
@inproceedings{Slowinska2011,
author = {Slowinska, Asia and Stancescu, Traian and Bos, Herbert},
booktitle = {Proceedings of the Network and Distributed System Security Symposium},
file = {:home/maurer/Documents/Mendeley Desktop/Slowinska, Stancescu, Bos/Proceedings of the Network and Distributed System Security Symposium/Slowinska, Stancescu, Bos - 2011 - Howard A Dynamic Excavator for Reverse Engineering Data Structures.pdf:pdf},
publisher = {The Internet Society},
title = {{Howard: A Dynamic Excavator for Reverse Engineering Data Structures}},
year = {2011}
}
@article{Jung2009,
author = {Jung, Changhee and Clark, Nathan},
file = {:home/maurer/Documents/Mendeley Desktop/Jung, Clark/Proceedings of the 42nd Annual IEEEACM \ldots/Jung, Clark - 2009 - DDT design and evaluation of a dynamic program analysis for optimizing data structure usage.pdf:pdf},
isbn = {9781605587981},
journal = {Proceedings of the 42nd Annual IEEE/ACM \ldots},
title = {{DDT: design and evaluation of a dynamic program analysis for optimizing data structure usage}},
year = {2009}
}
@inproceedings{Balakrishnan2007a,
author = {Balakrishnan, Gogul and Reps, Thomas},
booktitle = {Proceedings of the 8th International Conference on Verification, Model Checking, and Abstract Interpretation},
doi = {10.1007/978-3-540-69738-1\_1},
file = {::},
pages = {1--28},
publisher = {Springer},
title = {{\{DIVINE\}: DIscovering Variables \{IN\} Executables}},
year = {2007}
}
@article{McBride2003,
author = {McBride, Connor},
file = {:home/maurer/Documents/Mendeley Desktop/McBride/Journal of Functional Programming/McBride - 2003 - First-order unification by structural recursion.pdf:pdf},
journal = {Journal of Functional Programming},
pages = {1--17},
title = {{First-order unification by structural recursion}},
year = {2003}
}
